<?xml version = "1.0" encoding = "UTF-8"?><OAI-PMH xmlns="http://www.openarchives.org/OAI/2.0/" xmlns:xsi="http://www.w3.org/2001/XMLSchema-instance" xsi:schemaLocation="http://www.openarchives.org/OAI/2.0/ http://www.openarchives.org/OAI/2.0/OAI-PMH.xsd"><ListRecords><record><header><identifier>aleph-publish:019838378</identifier></header><metadata><record xmlns="http://www.ddb.de/professionell/mabxml/mabxml-1.xsd"><leader>00756nM2.01200024------h</leader><controlfield tag="LDR">00756nM2.01200024------h</controlfield><controlfield tag="FMT">MH</controlfield><datafield tag="001" ind1="-" ind2="1"><subfield code="a">HT017775049</subfield></datafield><datafield tag="002" ind1="a" ind2="1"><subfield code="a">20130919</subfield></datafield><datafield tag="020" ind1="b" ind2="1"><subfield code="a">975266241</subfield></datafield><datafield tag="025" ind1="o" ind2="1"><subfield code="a">1106740171</subfield></datafield><datafield tag="026" ind1="-" ind2="1"><subfield code="a">HBZHT017775049</subfield></datafield><controlfield tag="030">a|1uc||||||17</controlfield><datafield tag="036" ind1="a" ind2="1"><subfield code="a">XA-DE-NW</subfield></datafield><datafield tag="037" ind1="b" ind2="1"><subfield code="a">ger</subfield></datafield><controlfield tag="050">|||||aa|||||||</controlfield><controlfield tag="051">mm||z|||</controlfield><datafield tag="070" ind1="-" ind2="1"><subfield code="a">61</subfield></datafield><datafield tag="080" ind1="-" ind2="1"><subfield code="a">60</subfield></datafield><datafield tag="100" ind1="-" ind2="1"><subfield code="p">Hoffmann, Werner</subfield><subfield code="d">1953-</subfield><subfield code="9">(DE-588)134887263</subfield></datafield><datafield tag="101" ind1="-" ind2="1"><subfield code="p">Hoffmann, Werner A.</subfield><subfield code="d">1953-</subfield></datafield><datafield tag="101" ind1="-" ind2="1"><subfield code="p">Hoffmann, Werner Arthur</subfield><subfield code="d">1953-</subfield></datafield><datafield tag="331" ind1="-" ind2="1"><subfield code="a">Jana und das Weihnachtsgeheimnis</subfield></datafield><datafield tag="334" ind1="-" ind2="1"><subfield code="a">Tonträger</subfield></datafield><datafield tag="335" ind1="-" ind2="1"><subfield code="a">Adventskalender-Geschichten für Kinder ; Hörbuch</subfield></datafield><datafield tag="359" ind1="-" ind2="1"><subfield code="a">von Werner Hoffmann</subfield></datafield><datafield tag="410" ind1="-" ind2="1"><subfield code="a">Wesel</subfield></datafield><datafield tag="412" ind1="-" ind2="1"><subfield code="a">Felsenfest-Verl.</subfield></datafield><datafield tag="415" ind1="-" ind2="1"><subfield code="a">Wesel</subfield></datafield><datafield tag="417" ind1="-" ind2="1"><subfield code="a">Kawohl-Verl. [Vertrieb]</subfield></datafield><datafield tag="425" ind1="-" ind2="1"><subfield code="a">2005</subfield></datafield><datafield tag="425" ind1="a" ind2="1"><subfield code="a">2005</subfield></datafield><datafield tag="433" ind1="-" ind2="1"><subfield code="a">1 CD</subfield></datafield><datafield tag="434" ind1="-" ind2="1"><subfield code="a">digital</subfield></datafield><datafield tag="435" ind1="-" ind2="1"><subfield code="a">12 cm, 100 gr.</subfield></datafield><datafield tag="540" ind1="a" ind2="1"><subfield code="a">3-937240-39-X</subfield><subfield code="b">: EUR 9.95 (DE, freier Pr.), EUR 10.70 (AT, freier Pr.), sfr 19.95 (freier Pr.)</subfield></datafield><datafield tag="551" ind1="a" ind2="1"><subfield code="a">944187</subfield></datafield><datafield tag="553" ind1="a" ind2="1"><subfield code="a">9783937240398</subfield></datafield><datafield tag="568" ind1="-" ind2="1"><subfield code="a">05,N27,2875</subfield></datafield><datafield tag="574" ind1="-" ind2="1"><subfield code="a">06,A01,2360</subfield></datafield><datafield tag="653" ind1="-" ind2="1"><subfield code="a">1 CD</subfield><subfield code="b">75 04 Min.</subfield><subfield code="d">12 cm</subfield><subfield code="e">1 Booklet [(2)] S.</subfield></datafield><datafield tag="655" ind1="e" ind2="1"><subfield code="m">X:MVB</subfield><subfield code="q">text/html</subfield><subfield code="u">http://deposit.dnb.de/cgi-bin/dokserv?id=2649059&amp;prov=M&amp;dok_var=1&amp;dok_ext=htm</subfield><subfield code="3">Inhaltstext</subfield><subfield code="A">2</subfield></datafield><controlfield tag="SYS">019838378</controlfield><datafield tag="088" ind1=" " ind2=" "><subfield code="a">61</subfield><subfield code="b">00</subfield><subfield code="c">cds/a2392</subfield><subfield code="e">Ausleihbestand</subfield></datafield></record></metadata></record></ListRecords></OAI-PMH>